@article{phong,
  author = {Phong, Bui Tuong},
  title = {Illumination for Computer Generated Pictures},
  journal = {Commun. ACM},
  issue_date = {June 1975},
  volume = {18},
  number = {6},
  month = {jun},
  year = {1975},
  issn = {0001-0782},
  pages = {311--317},
  numpages = {7},
  doi = {10.1145/360825.360839},
  acmid = {360839},
  publisher = {ACM},
  address = {New York, NY, USA},
  keywords = {computer graphics, graphic display, hidden surface removal, shading}
}

@article{lorensen,
  author = {Lorensen, William E. and Cline, Harvey E.},
  title = {Marching Cubes: A High Resolution 3D Surface Construction Algorithm},
  journal = {SIGGRAPH Comput. Graph.},
  pages = {163--169},
  volume = {21},
  number = {4},
  month = {aug},
  publisher = {ACM},
  year = {1987}
}

@article{monaghan,
  author = {Monaghan, J.J.},
  journal = {Ann.~Rev.~Astron.~Astrophys},
  pages = {543--74},
  title = {Smoothed Particle Hydrodynamics},
  volume = {30},
  year = {1992}
}

@inproceedings{desbrun,
  author = {Desbrun, Mathieu and Gascuel, Marie-Paule},
  title = {Smoothed Particles: A New Paradigm for Animating Highly Deformable Bodies},
  booktitle = {Proceedings of the Eurographics Workshop on Computer Animation and Simulation '96},
  pages = {61--76},
  publisher = {Springer-Verlag New York, Inc.},
  year = {1996},
}

@book{liu,
  author = {Liu, G. R. and Liu, M. B.},
  title = {Smoothed particle hydrodynamics: a meshfree particle method},
  publisher = {World Scientific Publishing},
  year = {2003}
}

@inproceedings{muller,
  author = {M\"{u}ller, Matthias and Charypar, David and Gross, Markus},
  title = {Particle-based Fluid Simulation for Interactive Applications},
  booktitle = {Proceedings of the 2003 ACM SIGGRAPH/Eurographics Symposium on Computer Animation},
  series = {SCA '03},
  location = {San Diego, California},
  pages = {154--159},
  publisher = {Eurographics Association},
  address = {Aire-la-Ville, Switzerland, Switzerland},
  year = {2003}
}

@misc{kelager,
  author = {Micky Kelager},
  title = {Lagrangian Fluid Dynamics Using Smoothed Particle Hydrodynamics},
  year = {2006}
}

@techreport{ziegler,
  author = {Ziegler, Gernot and Tevs, Art and Theobalt, Christian and Seidel, Hans-Peter},
  title = {GPU point list generation through histogram pyramids},
  type = {Research Report},
  institution = {Max-Planck-Institut f{\"u}r Informatik},
  address = {Stuhlsatzenhausweg 85, 66123 Saarbr{\"u}cken, Germany},
  number = {MPI-I-2006-4-002},
  month = {June},
  year = {2006},
  issn = {0946-011X}
}

@article{harada,
  author = {Harada, Takahiro and Koshizuka, Seiichi and Kawaguchi, Yoichiro},
  title = {Smoothed Particle Hydrodynamics on GPUs},
  journal = {Proc. of Computer Graphics International},
  pages = {63--70},
  year = {2007}
}

@misc{terence,
  author = {Terence Tao},
  title = {Finite time blowup for an averaged three-dimensional Navier-Stokes equation},
  eprint = {arXiv:1402.0290},
  year = {2014}
}
